<?xml version="1.0" encoding="UTF-8"?><record xmlns="http://www.loc.gov/MARC21/slim" xmlns:cinclude="http://apache.org/cocoon/include/1.0" xmlns:zs="http://www.loc.gov/zing/srw/">
  <leader>00509nz  a2200145n  4500</leader>
  <controlfield tag="001">no2009084991</controlfield>
  <controlfield tag="003">DLC</controlfield>
  <controlfield tag="005">20090605075344.0</controlfield>
  <controlfield tag="008">090603n| acannaabn          |a aaa     c</controlfield>
  <datafield tag="010" ind1=" " ind2=" ">
    <subfield code="a">no2009084991</subfield>
  </datafield>
  <datafield tag="035" ind1=" " ind2=" ">
    <subfield code="a">(OCoLC)oca08129488</subfield>
  </datafield>
  <datafield tag="040" ind1=" " ind2=" ">
    <subfield code="a">MX-SlUA</subfield>
    <subfield code="b">eng</subfield>
    <subfield code="c">MX-SlUA</subfield>
  </datafield>
  <datafield tag="100" ind1="1" ind2=" ">
    <subfield code="a">Cabrera Ávila, Alejandro</subfield>
  </datafield>
  <datafield tag="400" ind1="1" ind2=" ">
    <subfield code="a">Ávila, Alejandro Cabrera</subfield>
  </datafield>
  <datafield tag="670" ind1=" " ind2=" ">
    <subfield code="a">Proyecto gráfico hospital central, 1995:</subfield>
    <subfield code="b">t.p. (Alejandro Cabrera Ávila; Universidad Autónoma de San Luis Potosí; Licenciado en Diseño Gráfico)</subfield>
  </datafield>
</record>